@article{koerperkultur:korper-und-mode-korperinszenierung,
	keywords	= {Hannah},
%	author		= {Daniel Bachfeld},
	title		= {Körper und Mode -- Körperinszenierung},
	journaltitle	= {Körperkultur und Zeitgeist},
	url		= {http://koerperkultur.blogspot.de/2010/07/korper-und-mode-korperinszenierung.html},
	urldate		= {2012-06-27},
	year		= {2010},
	month		= {07},
}

@article{Mueller:im_kampf_mit_dem_eigenen_koerper,
	keywords	= {Hannah},
	author		= {Sandra Müller},
	title		= {Ess-Störungen: Im Kampf mit dem eigenen Körper},
	subtitle	= {Immer mehr Jugendliche leiden unter Magersucht, Bulimie oder Ess-Sucht},
	journaltitle	= {Helles-Koepfchen.de},
	url		= {http://www.helles-koepfchen.de/magersucht/im_kampf_mit_dem_eigenen_koerper.html},
	urldate		= {2012-06-27},
	year		= {2012}, %% unsicher
%	month		= {07},
}

@article{Spiegel:body-modification-lust-am-horror-koerper,
	keywords	= {Hannah},
	author		= {Heike {Le Ker}},
	title		= {Body Modification},
	subtitle	= {Lust am Horror-Körper},
	journaltitle	= {Der Spiegel},
	url		= {http://www.spiegel.de/wissenschaft/mensch/body-modification-lust-am-horror-koerper-a-630922.html},
	urldate		= {2012-06-27},
	year		= {2009},
	month		= {08},
}

@online{Lotze:Bodymodification.org,
	keywords	= {Hannah},
	author		= {Martin Lotze},
	title		= {Bodymodification.org},
	url		= {http://www.body-modification.org/},
	urldate		= {2012-06-27},
}

@online{Wikipedia:Lippenteller,
	keywords	= {Hannah},
	author		= {Wikipedia},
	title		= {Lippenteller},
	url		= {http://de.wikipedia.org/w/index.php?title=Lippenteller&oldid=104391288},
	urldate		= {2012-06-27},
}

@online{Wikipedia:Padaung,
	keywords	= {Hannah},
	author		= {Wikipedia},
	title		= {Padaung},
	url		= {http://de.wikipedia.org/w/index.php?title=Padaung&oldid=103447845},
	urldate		= {2012-06-27},
}

@article{sweetminds:schonheitsideale-im-wandel,
	keywords	= {Hannah},
%	author		= {},
	title		= {Schönheitsideale im Wandel},
	url		= {http://sweetminds.wordpress.com/2012/01/27/schonheitsideale-im-wandel/},
	urldate		= {2012-06-27},
	year		= {2012},
	month		= {01},
}

@online{Wikipedia:Attraktivitaetsforschung,
	keywords	= {Hannah},
	author		= {Wikipedia},
	title		= {Attraktivitätsforschung},
	url		= {http://de.wikipedia.org/w/index.php?title=Attraktivitaetsforschung&oldid=99586076},
	urldate		= {2012-06-27},
}

@online{Wikipedia:Attraktivitaet,
	keywords	= {Hannah},
	author		= {Wikipedia},
	title		= {Attraktivität},
	url		= {http://de.wikipedia.org/w/index.php?title=Attraktiv-itaet&oldid=104198275},
	urldate		= {2012-06-27},
}

@online{Wikipedia:Schoenheitsideal,
	keywords	= {Hannah},
	author		= {Wikipedia},
	title		= {Schönheitsideal},
	url		= {http://de.wikipedia.org/w/index.php?title=Schoenheitsideal&oldid=104183870},
	urldate		= {2012-06-27},
}

@article{crossdress:schonheitsideale-im-wandel,
	keywords	= {Hannah},
%	author		= {},
	title		= {Schönheitsideale im Wandel der Zeit},
	url		= {http://crossdress.transgender.at/018f81931910ced2e/018f81931f137b745/018f819330004f664/018f81933009a8957.html},
	urldate		= {2012-06-27},
	year		= {2006},
%	month		= {01},
}

@article{rpi-ekhn:Schoenheitsideale,
	keywords	= {Hannah},
%	author		= {},
	journaltitle	= {Schönberger Heft},
	title		= {Schönheitsideale im Wandel der Zeit},
	url		= {www.rpi-ekhn.de/cms/fileadmin/rpz/download/schoenberger_hefte/2007/Heft_3/18_M06_Schoenheitsideale.pdf},
	urldate		= {2012-06-27},
	year		= {2007},
	month		= {09},
}

@online{Moeller:Schoenheitsformel,
	keywords	= {Hannah},
	author		= {Klaus Möller},
	title		= {Handout zur Attraktivitätsforschung-Schönheitsformel},
	url		= {http://www.klausmoeller.net/lernen/schoenheit/handout_schoenheitsformel.pdf},
	urldate		= {2012-06-27},
	year		= {2006},
	month		= {11},
}

@online{beautycheck.de:Durchschnittsgesichter,
	keywords	= {Hannah},
%	author		= {},
	title		= {Durchschnittsgesichter},
	url		= {http://www.beautycheck.de/cmsms/index.php?mact=Printing,m5,printpage,1&m5showbutton=1&m5script=1&m5returnid=56&page=56},
	urldate		= {2012-06-27},
}

