%% Duden (2007). Duden. Fremdwörterbuch. 6. Auflage. Mannheim: Dudenverlag.
%% http://d-nb.info/985088052
@book{Duden,
	keywords	= {Joshuah},
	author		= {Ursula Kraif},
	title		= {Duden},
	subtitle	= {Fremdwörterbuch},
	publisher	= {Dudenverlag},
	location	= {Mannheim},
	edition		= {6},
	year		= {2007},
%	month		= {01},
}

%% Frank, U. (2004). Neurologie und Psychiatrie. 6. Auflage. München: Urban&Fischer Verlag.
@book{Frank_Neurologie_und_Psychiatrie,
	keywords	= {Joshuah},
	author		= {Udo G. Frank},
	title		= {Neurologie und Psychiatrie},
	publisher	= {Urban \& Fischer Verlag},
	location	= {München},
	edition		= {6},
	year		= {2004},
%	month		= {01},
}

%% Häcker, H. & Stapf, K. (1998). Dorsch Psychologisches Wörterbuch. 13. Auflage. Bern: Hans Huber Verlag.
@book{Psychologisches_Woerterbuch,
	keywords	= {Joshuah},
	author		= {Friedrich Dorsch and Hartmut Häcker and Kurt-Hermann Stapf},
	title		= {Psychologisches Wörterbuch},
	publisher	= {Hans Huber Verlag},
	location	= {Bern},
	isbn		= {978-3456824970},
	edition		= {12},
	year		= {1998},
	month		= {01},
}

%% Peters, H. (1997). Wörterbuch der Psychiatrie und medizinischen Psychologie. : Bechtermünz Verlag.
@book{Peters_Woerterbuch_der_Psychiatrie,
	keywords	= {Joshuah},
	author		= {Uwe Henrik Peters},
	title		= {Wörterbuch der Psychiatrie und medizinischen Psychologie},
	publisher	= {Bechtermünz Verlag},
	location	= {Augsburg},
%	isbn		= {},
	year		= {1997},
%	month		= {01},
}

%% Wehrli, W., Both R. & Loosli-Hermes (2003). Enzyklopädie elektrophysiologischer Untersuchungen. München: Urban&Fischer Verlag.
@book{Enzyklopaedie_elektrophysiologischer_Untersuchungen,
	keywords	= {Joshuah},
	author		= {Wilfried Wehrli and Joke Loosli-Hermes},
	title		= {Enzyklopädie elektrophysiologischer Untersuchungen},
	publisher	= {Urban \& Fischer Verlag},
	location	= {München},
	isbn		= {978-3437474705},
	edition		= {2},
	year		= {2003},
	month		= {06},
}

