@article{Heise:Telepolis:Mensch:Cyborg,
	keywords	= {Robin},
	author		= {Matthias Gräbner},
	title		= {Auf dem Weg zum Cyborg: Ersatzteile für den menschlichen Körper},
	journaltitle	= {Telepolis -- Heise Zeitschriften Verlag},
	issuetitle	= {Mensch+},
	url		= {https://www.heise.de/kiosk/special/tp/12/01/},
		% {http://www.heise-shop.de/chameleon/outbox//public/832833fa-a473-72f0-2854-df39f189cdc0/4038858088693_LPROB.pdf},
	note		= {Ist als Leseprobe Online},
	urldate		= {2012-02-25},
	year		= {2012},
	month		= {01},
	pages		= {6},
}

@article{Heise:Telepolis:Mensch:Unsterblichkeit,
	keywords	= {Robin},
	author		= {Harald Zaun},
	title		= {Unsterblichkeit ist durchaus denkbar!: Andreas Eschbach im Gespräch},
	journaltitle	= {Telepolis -- Heise Zeitschriften Verlag},
	issuetitle	= {Mensch+},
	url		= {https://www.heise.de/kiosk/special/tp/12/01/},
	urldate		= {2012-02-25},
	year		= {2012},
	month		= {01},
	pages		= {10-14, 16-17},
}

@article{Heise:Telepolis:Mensch:Synthetische_Biologie,
	keywords	= {Robin},
	author		= {Matthias Gräbner},
	title		= {Synthetische Biologie: Leben erschaffen nach dem Lego-Prinzip},
	journaltitle	= {Telepolis -- Heise Zeitschriften Verlag},
	issuetitle	= {Mensch+},
	url		= {https://www.heise.de/kiosk/special/tp/12/01/},
	urldate		= {2012-02-25},
	year		= {2012},
	month		= {01},
	pages		= {28-31},
}

@article{Heise:Telepolis:Mensch:Ersatzorgane,
	keywords	= {Robin},
	author		= {Andrea Naica-Loebell},
	title		= {Zelluläre Universaltalente und Ersatzorgane: Möglichkeiten und Gefahren der Stammzellenforschung},
	journaltitle	= {Telepolis -- Heise Zeitschriften Verlag},
	issuetitle	= {Mensch+},
	url		= {https://www.heise.de/kiosk/special/tp/12/01/},
	urldate		= {2012-02-25},
	year		= {2012},
	month		= {01},
	pages		= {32-36},
}

@article{Heise:Telepolis:Mensch:Neuroimplantate,
	keywords	= {Robin},
	author		= {Matthias Becker},
	title		= {Risiko Neuroimplantate: Gehirn-Operationen an wachen Patienten},
	journaltitle	= {Telepolis -- Heise Zeitschriften Verlag},
	issuetitle	= {Mensch+},
	url		= {https://www.heise.de/kiosk/special/tp/12/01/},
	urldate		= {2012-02-25},
	year		= {2012},
	month		= {01},
	pages		= {48-51},
}

@article{Heise:Telepolis:Zukunft:Zukunft_des_Wissens,
	keywords	= {Robin},
	author		= {Goedart Palm},
	title		= {Zukunft des Wissens: Der Übergang menschlichen Wissens in kognitive Superstrukturen},
	journaltitle	= {Telepolis -- Heise Zeitschriften Verlag},
	issuetitle	= {Zukunft},
	url		= {https://www.heise.de/kiosk/special/tp/09/01/},
	urldate		= {2012-02-25},
	year		= {2009},
	month		= {01},
	pages		= {104-107},
}

@article{Heise:Telepolis:Zukunft:Transhumanismus,
	keywords	= {Robin},
	author		= {Bernd Vowinkel},
	title		= {Transhumanismus: Zwischen denkenden Androiden und fühlenden Cyborgs},
	journaltitle	= {Telepolis -- Heise Zeitschriften Verlag},
	issuetitle	= {Zukunft},
	url		= {https://www.heise.de/kiosk/special/tp/09/01/},
	urldate		= {2012-02-25},
	year		= {2009},
	month		= {01},
	pages		= {108-111},
}

@article{Heise:Telepolis:Zukunft:Metaintelligenz,
	keywords	= {Robin},
	author		= {Herbert W. Franke},
	title		= {Metaintelligenz: Wie und wohin sich unsere Intelligenz entwickeln könnte},
	journaltitle	= {Telepolis -- Heise Zeitschriften Verlag},
	issuetitle	= {Zukunft},
	url		= {https://www.heise.de/kiosk/special/tp/09/01/},
	urldate		= {2012-02-25},
	year		= {2009},
	month		= {01},
	pages		= {112-116},
}

@article{Spektrum:Weg_zu_intelligenten_Prothesen,
	keywords	= {Robin},
	author		= {Gabi Warnke},
	title		= {Auf dem Weg zu intelligenten Prothesen},
	journaltitle	= {Spektrum der Wissenschaft},
	url		= {http://www.spektrum.de/alias/bionik/auf-dem-weg-zu-intelligenten-prothesen/1058095},
	urldate		= {2012-02-26},
	year		= {2011},
	month		= {01},
}

@thesis{thesis:Karpa:Geschichte_Armprothesen,
	keywords	= {Robin},
	author		= {Martin Friedrich Karpa},
	institution	= {Ruhr-Universität Bochum},
	type		= {Dissertation},
	title		= {Die Geschichte der Armprothese unter besonderer Berücksichtigung der Leistung von Ferdinand Sauerbruch (1875--1951)},
	url		= {http://www-brs.ub.ruhr-uni-bochum.de/netahtml/HSS/Diss/KarpaMartinFriedrich/diss.pdf},
	urldate		= {2012-02-26},
	year		= {2004},
	pagetotal	= {250},
}

@article{Lancet:origin_prosthetic,
	keywords	= {Robin},
	author		= {Jacqueline Finch},
	title		= {The ancient origins of prosthetic medicine},
	journaltitle	= {The Lancet},
%	url		= {http://www.thelancet.com/journals/lancet/article/PIIS0140-6736(11)60190-6/fulltext},
%	urldate		= {2012-02-27},
	doi		= {10.1016/S0140-6736(08)61345-8},
	year		= {2011},
	month		= {02},
	volume		= {377},
	pages		= {548-549},
	language	= {english},	% eigentlich british
}

@article{noz:compass_belt,	% haptic
	keywords	= {Robin},
	author		= {Marie-Luise Braun},
	title		= {Universität Osnabrück entwickelt Gürtel zum Erfühlen der Himmelsrichtung},
	journaltitle	= {Neue Osnabrücker Zeitung},
	url		= {http://www.noz.de/51635290/universitaet-osnabrueck-entwickelt-guertel-zum-erfuehlen-der-himmelsrichtung},
	urldate		= {2012-04-14},
	year		= {2011},
	month		= {02},
}

@misc{23C3:body_hacking,
	keywords	= {Robin},
	title		= {Body hacking},
	subtitle	= {Functional body modification},
	author		= {Quinn Norton},
	language	= {english},
	url		= {http://media.ccc.de/browse/congress/2006/23C3-1629-en-body_hacking.html},
	%% http://events.ccc.de/congress/2006/Fahrplan/events/1629.en.html
	urldate		= {2012-05-18},
	year		= {2006},
	month		= {12},
}


@article{mindhacks:magnet_removed,
	keywords	= {Robin},
	author		= {Vaughan Bell},
	title		= {Quinn Norton has her sixth sense removed},
	journaltitle	= {Mind Hacks},
	language	= {english},
	url		= {http://mindhacks.com/2007/05/17/quinn-norton-has-her-sixth-sense-removed/},
	urldate		= {2012-06-09},
	year		= {2007},
	month		= {05},
}

@book{Per_Anhalter_durch_die_Galaxis,
	keywords	= {Robin},
	author		= {Douglas Adams},
	publisher	= {Heyne Verlag},
	title		= {Per Anhalter durch die Galaxis},
	%% http://www.amazon.de/Per-Anhalter-durch-die-Galaxis/dp/3453146972
	year		= {2009},
	edition		= {2},
	isbn		= {978-3453146976},
	pagestotal	= {208},
	language	= {german},
}

@thesis{thesis:Cyborg,
	keywords	= {Robin},
	author		= {Beat Müller and Gaston Zemp},
	institution	= {Fachhochschule Nordwestschweiz},
	type		= {Fallstudie Mikrosysteme},
	title		= {Cyborg},
	url		= {http://www.dusseiller.ch/mis_wiki/images/9/92/Cyborg.pdf},
	%% http://www.dusseiller.ch/mis_wiki/index.php?title=FS12_tz_Fallstudien
	urldate		= {2012-06-20},
	year		= {2011},
	month		= {06},
	pagetotal	= {33},
}

@article{Stern:pacemaker,
	keywords	= {Robin},
	author		= {Kai Lennart Kupferschmidt},
	title		= {50 Jahre Herzschrittmacher},
	journaltitle	= {Der Stern},
	url		= {http://www.stern.de/gesundheit/gesundheitsnews/50-jahre-herzschrittmacher-eine-dose-die-leben-spendet-641542.html},
	urldate		= {2012-06-20},
	year		= {2008},
	month		= {10},
}

@article{Independent:retina_chip,
	keywords	= {Robin},
	author		= {Jeremy Laurance},
	title		= {Pioneering retina chip helps blind patients see},
	language	= {english},
	journaltitle	= {The Independent},
	url		= {http://www.independent.co.uk/life-style/health-and-families/health-news/pioneering-retina-chip-helps-blind-patients-see-2123552.html},
	urldate		= {2012-06-24},
	year		= {2010},
	month		= {11},
}

@article{Heise:TR:Project_Glass,
	keywords	= {Robin},
	author		= {John Pavlus},
	title		= {Blick hinter Googles Gläser},
	journaltitle	= {Technology Review},
	url		= {http://heise.de/-1517576},
	urldate		= {2012-06-24},
	year		= {2012},
	month		= {04},
}

@article{MIT:Protect_implants_from_attack,
	keywords	= {Robin},
	author		= {Larry Hardesty},
	title		= {Protecting medical implants from attack},
	subtitle	= {A new system would jam wireless signals sent to medical implants by unauthorized users},
	language	= {english},
	journaltitle	= {MIT News},
	url		= {http://web.mit.edu/newsoffice/2011/protecting-medical-implants-0613.html},
	urldate		= {2012-06-24},
	year		= {2011},
	month		= {06},
}

@article{Heise:Pacemaker_Hacker,
	keywords	= {Robin},
	author		= {Daniel Bachfeld},
	title		= {Ein Herz für Hacker: Schrittmacher mit Funkschnittstelle},
	journaltitle	= {Heise Security},
	url		= {http://heise.de/-189714},
	urldate		= {2012-06-24},
	year		= {2008},
	month		= {03},
}

@article{DRadio:strahlendes_Herz,
	keywords	= {Robin},
	author		= {Daniel Münter},
	title		= {Strahlendes Herz},
	journaltitle	= {DRadio Wissen},
	url		= {http://wissen.dradio.de/herzschrittmacher-strahlendes-herz.35.de.html?dram:article_id=15091},
	urldate		= {2012-06-24},
	year		= {2012},
	month		= {02},
}

